@inproceedings{kipf2017,
  author    = {Thomas N. Kipf and
               Max Welling},
  title     = {Semi-Supervised Classification with Graph Convolutional Networks},
  booktitle = {5th International Conference on Learning Representations, {ICLR} 2017,
               Toulon, France, April 24-26, 2017, Conference Track Proceedings},
  year      = {2017},
  url       = {https://openreview.net/forum?id=SJU4ayYgl},
  timestamp = {Thu, 25 Jul 2019 14:25:55 +0200},
  biburl    = {https://dblp.org/rec/conf/iclr/KipfW17.bib},
  bibsource = {dblp computer science bibliography, https://dblp.org}
}

@inproceedings{alexnet2012,
  author    = {Alex Krizhevsky and
               Ilya Sutskever and
               Geoffrey E. Hinton},
  title     = {ImageNet Classification with Deep Convolutional Neural Networks},
  booktitle = {Advances in Neural Information Processing Systems 25: 26th Annual
               Conference on Neural Information Processing Systems 2012. Proceedings
               of a meeting held December 3-6, 2012, Lake Tahoe, Nevada, United States},
  pages     = {1106--1114},
  year      = {2012},
  url       = {http://papers.nips.cc/paper/4824-imagenet-classification-with-deep-convolutional-neural-networks},
  timestamp = {Thu, 11 Dec 2014 17:34:07 +0100},
  biburl    = {https://dblp.org/rec/conf/nips/KrizhevskySH12.bib},
  bibsource = {dblp computer science bibliography, https://dblp.org}
}



@inproceedings{riba2018,
  author    = {Pau Riba and
               Andreas Fischer and
               Josep Llad{\'{o}}s and
               Alicia Forn{\'{e}}s},
  title     = {Learning Graph Distances with Message Passing Neural Networks},
  booktitle = {24th International Conference on Pattern Recognition, {ICPR} 2018,
               Beijing, China, August 20-24, 2018},
  pages     = {2239--2244},
  year      = {2018},
  url       = {https://doi.org/10.1109/ICPR.2018.8545310},
  doi       = {10.1109/ICPR.2018.8545310},
  timestamp = {Tue, 19 Nov 2019 15:07:29 +0100},
  biburl    = {https://dblp.org/rec/conf/icpr/RibaFLF18.bib},
  bibsource = {dblp computer science bibliography, https://dblp.org}
}

@inproceedings{bai2019,
  author    = {Yunsheng Bai and
               Hao Ding and
               Song Bian and
               Ting Chen and
               Yizhou Sun and
               Wei Wang},
  title     = {SimGNN: {A} Neural Network Approach to Fast Graph Similarity Computation},
  booktitle = {Proceedings of the Twelfth {ACM} International Conference on Web Search
               and Data Mining, {WSDM} 2019, Melbourne, VIC, Australia, February
               11-15, 2019},
  pages     = {384--392},
  year      = {2019},
  url       = {https://doi.org/10.1145/3289600.3290967},
  doi       = {10.1145/3289600.3290967},
  timestamp = {Tue, 21 May 2019 11:38:33 +0200},
  biburl    = {https://dblp.org/rec/conf/wsdm/BaiDBCSW19.bib},
  bibsource = {dblp computer science bibliography, https://dblp.org}
}

@article{bai2018_cnn1,
  author    = {Yunsheng Bai and
               Hao Ding and
               Yizhou Sun and
               Wei Wang},
  title     = {Convolutional Set Matching for Graph Similarity},
  journal   = {CoRR},
  volume    = {abs/1810.10866},
  year      = {2018},
  url       = {http://arxiv.org/abs/1810.10866},
  archivePrefix = {arXiv},
  eprint    = {1810.10866},
  timestamp = {Wed, 31 Oct 2018 14:24:29 +0100},
  biburl    = {https://dblp.org/rec/journals/corr/abs-1810-10866.bib},
  bibsource = {dblp computer science bibliography, https://dblp.org}
}

@article{bai2018_cnn2,
  author    = {Yunsheng Bai and
               Hao Ding and
               Yizhou Sun and
               Wei Wang},
  title     = {Convolutional Neural Networks for Fast Approximation of Graph Edit
               Distance},
  journal   = {CoRR},
  volume    = {abs/1809.04440},
  year      = {2018},
  url       = {http://arxiv.org/abs/1809.04440},
  archivePrefix = {arXiv},
  eprint    = {1809.04440},
  timestamp = {Fri, 05 Oct 2018 11:34:52 +0200},
  biburl    = {https://dblp.org/rec/journals/corr/abs-1809-04440.bib},
  bibsource = {dblp computer science bibliography, https://dblp.org}
}

@inproceedings{li2019,
  author    = {Yujia Li and
               Chenjie Gu and
               Thomas Dullien and
               Oriol Vinyals and
               Pushmeet Kohli},
  title     = {Graph Matching Networks for Learning the Similarity of Graph Structured
               Objects},
  booktitle = {Proceedings of the 36th International Conference on Machine Learning,
               {ICML} 2019, 9-15 June 2019, Long Beach, California, {USA}},
  pages     = {3835--3845},
  year      = {2019},
  url       = {http://proceedings.mlr.press/v97/li19d.html},
  timestamp = {Tue, 11 Jun 2019 15:37:38 +0200},
  biburl    = {https://dblp.org/rec/conf/icml/LiGDVK19.bib},
  bibsource = {dblp computer science bibliography, https://dblp.org}
}

@article{fey2020_update,
  author    = {Matthias Fey and
               Jan Eric Lenssen and
               Christopher Morris and
               Jonathan Masci and
               Nils M. Kriege},
  title     = {Deep Graph Matching Consensus},
  journal   = {CoRR},
  volume    = {abs/2001.09621},
  year      = {2020},
  url       = {https://arxiv.org/abs/2001.09621},
  archivePrefix = {arXiv},
  eprint    = {2001.09621},
  timestamp = {Thu, 30 Jan 2020 18:46:36 +0100},
  biburl    = {https://dblp.org/rec/journals/corr/abs-2001-09621.bib},
  bibsource = {dblp computer science bibliography, https://dblp.org}
}
